% Bibliography for P2S Compute Engines Thesis

% Event-Driven Architecture and Microservices (Essential references)
@book{fowler2014microservices,
  title={Microservices: Patterns and Applications},
  author={Fowler, Martin},
  year={2014},
  publisher={O'Reilly Media}
}

@inproceedings{hohpe2003enterprise,
  title={Enterprise integration patterns: Designing, building, and deploying messaging solutions},
  author={Hohpe, Gregor and Woolf, Bobby},
  year={2003},
  organization={Addison-Wesley Professional}
}

% Payment Systems (Basic references)
@techreport{bis2018payment,
  title={Payment aspects of financial inclusion in the fintech era},
  author={{Bank for International Settlements}},
  institution={Committee on Payments and Market Infrastructures},
  year={2018},
  number={191}
}

% ISO Standards (Essential for payment systems)
@misc{iso20022standard,
  title={ISO 20022 Financial services -- Universal financial industry message scheme},
  author={{International Organization for Standardization}},
  year={2013},
  howpublished={\url{https://www.iso20022.org/}}
}

% Apache Kafka (Essential for event streaming)
@book{narkhede2017kafka,
  title={Kafka: The definitive guide: Real-time data and stream processing at scale},
  author={Narkhede, Neha and Shapira, Gwen and Palino, Todd},
  year={2017},
  publisher={O'Reilly Media}
}

% Software Architecture (Classic reference)
@book{martin2017clean,
  title={Clean Architecture: A Craftsman's Guide to Software Structure and Design},
  author={Martin, Robert C},
  year={2017},
  publisher={Prentice Hall}
}